@article{oai:it.cnr:prodotti:474934,
	title = {VIBE: looking for Variability In amBiguous rEquirements},
	author = {Fantechi, A. and Gnesi, S. and Semini, L.},
	doi = {10.1016/j.jss.2022.111540},
	journal = {The Journal of Systems \& Software},
	volume = {195},
	year = {2022},
	publisher = {Elsevier North Holland}
}

@inproceedings{oai:it.cnr:prodotti:458001,
	title = {A spaCy-based tool for extracting variability from NL requirements},
	author = {Fantechi, A. and Gnesi, S. and Livi S. and Semini, L.},
	doi = {10.1145/3461002.3473074},
	booktitle = {25th ACM International Systems and Software Product Line Conference},
	pages = {32–35},
	address = {Leicester (UK)},
	year = {2021}
}

@inbook{oai:it.cnr:prodotti:424687,
	title = {Nuts and bolts of extracting Variability models from Natural Language Requirements documents},
	author = {Arganese, E. and Fantechi, A. and Gnesi, S. and Semini, L.},
	doi = {10.1007/978-3-030-26574-8_10},
	booktitle = {Integrating Research and Practice in Software Engineering},
    pages = {125–143},
	year = {2020}
}

@inproceedings{oai:it.cnr:prodotti:424446,
	title = {Requirement Engineering of software product lines: extracting Variability using NLP},
	author = {Fantechi, A. and Ferrari, A. and Gnesi, S. and Semini, L.},
	doi = {10.1109/re.2018.00053},
	booktitle = {26th IEEE International Requirements Engineering conference},
    pages = {418–423},
    address = {Banff (CA)},
	year = {2018},
	publisher = {IEEE Computer Society}
}

@inproceedings{oai:it.cnr:prodotti:384025,
	title = {Ambiguity defects as variation points in requirements},
	author = {Fantechi, A. and Gnesi, S. and Semini, L.},
	doi = {10.1145/3023956.3023964},
	booktitle = {11th VaMoS International workshop on Variability Modelling of software-intensive systems},
    pages = {13–19},
    address = {Eindhoven (NL)},
	year = {2017}
}

@book{pohl:bockle:linden,
    title = {Software Product Line Engineering. Foundations, principles and techniques},
    author = {Pohl, K. and Böckle, G. and Linden, F.},
    year = {2005},
    publisher = {Springer-Verlag}
}

@book{altinok,
    title = {Mastering spaCy. An end-to-end practical guide to implementing NLP applications using the Python ecosystem},
    author = {Altinok, D.},
    year = {2021},
    publisher = {Packt Publishing}
}

@book{grinberg,
    title = {Flask Web Development. Developing web-applications with Python},
    author = {Grinberg, M.},
    year = {2018},
    publisher = {O'Reilly Media}
}

@book{slatkin,
    title = {Effective Python. 90 specific ways to write better Python},
    author = {Slatkin, B.},
    year = {2020},
    publisher = {Pearson Education}
}

@inproceedings{griss:favaro:alessandro,
	title = {Integrating feature modelling with RSEB},
	author = {Griss, M. L. and Favaro, J. and d'Alessandro, M.},
	booktitle = {5nd International Conference on Software Reuse},
    pages = {76-85},
	year = {1998},
	publisher = {IEEE Computer Society}
}

@inproceedings{kang:cohen:hess:nowak:peters,
	title = {Feature-oriented domain analysis (FODA) feasibility study},
	author = {Kang, K. C. and Cohen, S. G. and Hess, J. A. and Nowak, W. E. and Peters, A.},
	booktitle = {Technical Report CMU/SEI-90-TR-21},
	year = {1990},
	publisher = {Software Engineering Institute, Carnegie Mellon University}
}

@inproceedings{harsu,
	title = {FAST product-line architecture process},
	author = {Harsu, M.},
	booktitle = {Technical Report CMU/SEI-2000-TR-004},
	year = {2000},
	publisher = {Software System Laboratory, Tampere University of Technology}
}

@misc{livi,
    author = {Samuele Livi},
    title = {Costruzione di un prototipo di NLP-tool basato su spaCy per rilevare punti di variabilità nei requisiti software},
    year = 2021,
    publisher = {Università di Pisa},
    address = {Pisa (IT)}
}
